<record><leader>00000cas a22000007a 4500</leader><controlfield tag="001">23226391</controlfield><controlfield tag="008">910311d18981992ctudn ne      0    0eng d</controlfield><datafield ind1=" " ind2=" " tag="010"><subfield code="a">sn 91066033 </subfield></datafield><datafield ind1=" " ind2=" " tag="040"><subfield code="a">NYS</subfield><subfield code="b">eng</subfield><subfield code="c">NYS</subfield><subfield code="d">CNW</subfield><subfield code="d">OCLCQ</subfield><subfield code="d">OCLCF</subfield><subfield code="d">OCLCO</subfield></datafield><datafield ind1="1" ind2=" " tag="029"><subfield code="a">AU@</subfield><subfield code="b">000025902172</subfield></datafield><datafield ind1=" " ind2=" " tag="042"><subfield code="a">msc</subfield></datafield><datafield ind1=" " ind2=" " tag="043"><subfield code="a">n-us-ct</subfield></datafield><datafield ind1="0" ind2=" " tag="130"><subfield code="a">Evening sentinel (Ansonia, Conn. : 1898)</subfield></datafield><datafield ind1="1" ind2="0" tag="245"><subfield code="a">Evening sentinel.</subfield></datafield><datafield ind1=" " ind2=" " tag="260"><subfield code="a">Ansonia, Conn. :</subfield><subfield code="b">J.M. Emerson</subfield></datafield><datafield ind1=" " ind2=" " tag="300"><subfield code="a">v. :</subfield><subfield code="b">ill.</subfield></datafield><datafield ind1=" " ind2=" " tag="310"><subfield code="a">Daily (except Sunday)</subfield></datafield><datafield ind1="0" ind2=" " tag="362"><subfield code="a">Nov. 26, 1898-v. 118, no. 274 (Nov. 20, 1992).</subfield></datafield><datafield ind1=" " ind2=" " tag="530"><subfield code="a">Available on microfilm from UMI.</subfield></datafield><datafield ind1=" " ind2=" " tag="580"><subfield code="a">Weekly ed.: Valley views (Ansonia, Conn.).</subfield></datafield><datafield ind1=" " ind2="0" tag="651"><subfield code="a">Ansonia (Conn.)</subfield><subfield code="v">Newspapers.</subfield></datafield><datafield ind1=" " ind2="0" tag="651"><subfield code="a">New Haven County (Conn.)</subfield><subfield code="v">Newspapers.</subfield></datafield><datafield ind1=" " ind2="0" tag="651"><subfield code="a">Shelton (Conn.)</subfield><subfield code="v">Newspapers.</subfield></datafield><datafield ind1=" " ind2="0" tag="651"><subfield code="a">Monroe (Conn.)</subfield><subfield code="v">Newspapers.</subfield></datafield><datafield ind1=" " ind2="7" tag="655"><subfield code="a">Newspapers.</subfield><subfield code="2">fast</subfield><subfield code="0">(OCoLC)fst01423814</subfield></datafield><datafield ind1=" " ind2="7" tag="651"><subfield code="a">Connecticut</subfield><subfield code="z">Ansonia.</subfield><subfield code="2">fast</subfield><subfield code="0">(OCoLC)fst01224732</subfield></datafield><datafield ind1=" " ind2="7" tag="651"><subfield code="a">Connecticut</subfield><subfield code="z">Monroe.</subfield><subfield code="2">fast</subfield><subfield code="0">(OCoLC)fst01218375</subfield></datafield><datafield ind1=" " ind2="7" tag="651"><subfield code="a">Connecticut</subfield><subfield code="z">New Haven County.</subfield><subfield code="2">fast</subfield><subfield code="0">(OCoLC)fst01207938</subfield></datafield><datafield ind1=" " ind2="7" tag="651"><subfield code="a">Connecticut</subfield><subfield code="z">Shelton.</subfield><subfield code="2">fast</subfield><subfield code="0">(OCoLC)fst01224873</subfield></datafield><datafield ind1=" " ind2=" " tag="752"><subfield code="a">United States</subfield><subfield code="b">Connecticut</subfield><subfield code="c">New Haven</subfield><subfield code="d">Ansonia.</subfield></datafield><datafield ind1="1" ind2=" " tag="775"><subfield code="t">Valley views (Ansonia, Conn.)</subfield><subfield code="w">(DLC)sn 94053087</subfield><subfield code="w">(OCoLC)30571568</subfield></datafield><datafield ind1="0" ind2="0" tag="780"><subfield code="t">Ansonia evening sentinel</subfield><subfield code="w">(DLC)sn 84027753</subfield><subfield code="w">(OCoLC)11516117</subfield></datafield><datafield ind1="0" ind2="5" tag="780"><subfield code="t">Ansonia weekly sentinel</subfield><subfield code="g">Feb. 1900</subfield><subfield code="w">(DLC)sn 84027754</subfield><subfield code="w">(OCoLC)11516128</subfield></datafield><datafield ind1="0" ind2="0" tag="785"><subfield code="t">Valley sentinel (Ansonia, Conn.)</subfield><subfield code="w">(DLC)sn 93053702</subfield><subfield code="w">(OCoLC)30571568</subfield></datafield></record>